@misc{CSOrd53,
    author = {Consejo Superior de la Universidad de San Luis},
    title = {Ordenanza C.S. Nro. 53D/16},
    year = {2016},
}

@online{postgreFeatures,
    author = {{PostgreSQL Global Development Group}},
    title = {Feature Matrix},
    year = {2025},
    url = {https://www.postgresql.org/about/featurematrix/},
    note = {Último acceso: 03/07/2025},
}

@book{sonatypeMaven,
    author = {Sonatype Company},
    title = {Maven: The Definitive Guide},
    year = {2008},
    publisher = {O'Reilly Media, Inc},
    isbn = {9780596551780},
}

@online{devSurvey2024,
    author = {Stack Overflow},
    title = {2024 Developer Survey},
    year = {2024},
    url = {https://survey.stackoverflow.co/2024/},
    note = {Accedido: 04/07/2025},
}

@book{eckelJava,
    author = {Bruce Eckel},
    title = {Thinking in Java, 4th Edition},
    year = {2006},
    pages = {23},
    publisher = {Prentice Hall; 4 edition},
    isbn = {9780131872486},
}

@book{gommaModeling,
    author = {Hassan Gomaa},
    title = {Software Modeling and Design: UML, Use Cases, Patterns, and
             Software Architectures},
    publisher = {Cambridge University Press},
    year = {2011},
    isbn = {978-0-521-76414-8},
}

@book{fowlerPatterns,
    author = {Martin Fowler},
    title = {Patterns of Enterprise Application Architecture},
    publisher = {Addison-Wesley Professional},
    year = {2002},
    isbn = {978-0321127426},
}


@book{dockerUpRunning,
    author = {Matthias, Karl and Kane, Sean P.},
    title = {Docker: Up \& Running},
    year = {2015},
    isbn = {1491917571},
    publisher = {O'Reilly Media, Inc.},
    edition = {1st},
}

@online{angularJSDiscontinued,
    author = {Google},
    title = {Version Support Status},
    year = {2022},
    url = {https://docs.angularjs.org/misc/version-support-status},
    note = {Accedido: 06/07/2025},
    organization = {AngularJS},
}

@techreport{w3cHTML,
    title = {HTML 4.01 Specification},
    editor = {Dave Raggett, Arnaud Le Hors, Ian Jacobs},
    institution = {World Wide Web Consortium (W3C)},
    number = {SPSD-html401-20180327},
    year = {2018},
    url = {https://www.w3.org/TR/2018/SPSD-html401-20180327/},
    note = {Accedido: 04/07/2025},
}

@book{duckettHTMLCSS,
    author = {Duckett, Jon},
    title = {HTML and CSS: Design and Build Websites},
    year = {2011},
    publisher = {John Wiley \& Sons},
    edition = {1st},
    isbn = {9781118008188},
}

@techreport{w3cCSS,
    title = {CSS Cascading and Inheritance Level 4},
    editor = {Elika J. Etemad, Tab Atkins Jr.},
    institution = {World Wide Web Consortium (W3C)},
    type = {W3C Candidate Recommendation},
    number = {css-cascade-4},
    year = {2023},
    month = sep,
    url = {https://www.w3.org/TR/css-cascade-4/},
    note = {Accedido: 04/07/2025},
}

@techreport{ecmascript,
    title = {ECMAScript Language Specification},
    editor = { Shu-yu Guo, Michael Ficarra, Kevin Gibbons },
    institution = {Ecma International},
    number = {ECMA-262},
    url = {https://tc39.es/ecma262/},
    note = {Estándar actual. Accedido: 04/07/2025},
}

@manual{gitDocs,
    title = {Git Documentation},
    author = {The Git Project},
    organization = {Software Freedom Conservancy},
    year = {2025},
    url = {https://git-scm.com/docs/git},
    note = {Accessed: 06/07/2025},
}

@online{mockitoFeatures,
    author = {Mockito Contributors},
    title = {Features and Motivations},
    year = {2019},
    url = {https://github.com/mockito/mockito/wiki/Features-And-Motivations},
    note = {Accessed: 06/04/2025},
}

@online{ibmContainerization,
    author = {Stephanie Susnjara},
    title = {¿Qué es la contenedorización?},
    year = {2024},
    url = {https://www.ibm.com/es-es/think/topics/containerization},
    note = {Accessed: 06/07/2025},
}

@misc{dospuRes31,
    author = {Directorio DOSPU},
    title = {Resolución Nro. 31D/17},
    year = {2017},
}

@misc{dospuRes43,
    author = {Directorio DOSPU},
    title = {Resolución Nro. 43D/18},
    year = {2018},
}

@misc{dospuRes71,
    author = {Directorio DOSPU},
    title = {Resolución Nro. 71D/20},
    year = {2020},
}

@misc{dospuRes21,
    author = {Directorio DOSPU},
    title = {Resolución Nro. 21D/21},
    year = {2021},
}

@misc{dospuRes7,
    author = {Directorio DOSPU},
    title = {Resolución Nro. 7D/21},
    year = {2021},
}

@misc{dospuRes60,
    author = {Directorio DOSPU},
    title = {Resolución Nro. 60},
    year = {2022},
}

@misc{CSOrd17,
    author = {Consejo Superior de la Universidad de San Luis},
    title = {Ordenanza C.S. Nro. 17D/22},
    year = {2016},
}

@article{li2021health,
    title = {Health Care 4.0: A vision for smart and connected health care},
    author = {Li, Jingshan and Carayon, Pascale},
    journal = {IISE Transactions on Healthcare Systems Engineering},
    volume = {11},
    number = {3},
    pages = {171--180},
    year = {2021},
    publisher = {Taylor \& Francis},
}
